@book{goossens93,
	author = "Michel Goossens and Frank Mittlebach and Alexander Samarin",
	title = "The Latex Companion",
	year = "1993",
	publisher = "Addison-Wesley",
	address = "Reading, Massachusetts"
}

@misc{ Nobody06,
       author = "Nobody Jr",
       title = "My Article",
       year = "2006" 
}

@misc{ohdoc,
  author = "OpenHAB",
  title = "OpenHAB official documentation",
  howpublished = "\url{http://aiweb.techfak.uni-bielefeld.de/content/bworld-robot-control-software/}",
  year = "2008", 
  note = "[Online; accessed 19-July-2008]"
}
